
@inproceedings{Dean:2004:MSD:1251254.1251264,
 author = {Dean, Jeffrey and Ghemawat, Sanjay},
 title = {MapReduce: simplified data processing on large clusters},
 booktitle = {Proceedings of the 6th conference on Symposium on Opearting Systems Design \& Implementation - Volume 6},
 series = {OSDI'04},
 year = {2004},
 location = {San Francisco, CA},
 pages = {10--10},
 numpages = {1},
 url = {http://dl.acm.org/citation.cfm?id=1251254.1251264},
 acmid = {1251264},
 publisher = {USENIX Association},
 address = {Berkeley, CA, USA},
}
